@incollection{bigenc:matstat,
author = {Ю.В.Прохоров},
booktitle = {Большая российская энциклопедия. Том 19},
pages = {349--352},
publisher = {Издательство «Большая российская энциклопедия»},
title = {{Математическая статистика}},
year = {2011}
}
